@article{source1,
  title={A comparison of automatic cell identification methods for single-cell RNA sequencing data},
  author={Abdelaal, Tamim and Michielsen, Lieke and Cats, Davy and Hoogduin, Dylan and Mei, Hailiang and Reinders, Marcel JT and Mahfouz, Ahmed},
  journal={Genome biology},
  volume={20},
  number={1},
  pages={1--19},
  year={2019},
  publisher={Springer}
}

@inproceedings{source2,
  title={Initializing neural networks for hierarchical multi-label text classification},
  author={Baker, Simon and Korhonen, Anna-Leena},
  year={2017},
  organization={Association for Computational Linguistics}
}

@inproceedings{source3,
  title={Probabilistic clustering for hierarchical multi-label classification of protein functions},
  author={Barros, Rodrigo C and Cerri, Ricardo and Freitas, Alex A and de Carvalho, Andr{\'e} CPLF},
  booktitle={Joint European Conference on Machine Learning and Knowledge Discovery in Databases},
  pages={385--400},
  year={2013},
  organization={Springer}
}

@article{multiprocessing1,
  title={Building a framework for predictive science},
  author={McKerns, Michael M and Strand, Leif and Sullivan, Tim and Fang, Alta and Aivazis, Michael AG},
  journal={arXiv preprint arXiv:1202.1056},
  year={2012}
}

@article{multiprocessing2,
  title={pathos: a framework for heterogeneous computing},
  author={McKerns, M and Aivazis, M},
  journal={URL https://uqfoundation.github.io/project/pathos},
  year={2010}
}

@inproceedings{source4,
  title={Multilabel classification on tree-and dag-structured hierarchies},
  author={Bi, Wei and Kwok, James T},
  booktitle={ICML},
  year={2011}
}

@inproceedings{genetic,
  title={A genetic algorithm for hierarchical multi-label classification},
  author={Cerri, Ricardo and Barros, Rodrigo C and de Carvalho, Andre CPLF},
  booktitle={Proceedings of the 27th annual ACM symposium on applied computing},
  pages={250--255},
  year={2012}
}

@article{scikit-learn,
 title={Scikit-learn: Machine Learning in {P}ython},
 author={Pedregosa, F. and Varoquaux, G. and Gramfort, A. and Michel, V.
         and Thirion, B. and Grisel, O. and Blondel, M. and Prettenhofer, P.
         and Weiss, R. and Dubourg, V. and Vanderplas, J. and Passos, A. and
         Cournapeau, D. and Brucher, M. and Perrot, M. and Duchesnay, E.},
 journal={Journal of Machine Learning Research},
 volume={12},
 pages={2825--2830},
 year={2011}
}

@misc{cell-hyr,
  title= {https://www.sciencefacts.net/wp-content/uploads/2019/11/Types-of-White-Blood-Cells.jpg},
  author= {{Sience Facts}},
  year= {2019},
  month={Nov}
}

@inproceedings{hmcn,
  title={Hierarchical multi-label classification networks},
  author={Wehrmann, Jonatas and Cerri, Ricardo and Barros, Rodrigo},
  booktitle={International Conference on Machine Learning},
  pages={5075--5084},
  year={2018},
  organization={PMLR}
}

@misc{hyr-types-blog,
    title={Hierarchical Classification with Local Classifiers: Down the Rabbit Hole}, url={https://towardsdatascience.com/hierarchical-classification-with-local-classifiers-down-the-rabbit-hole-21cdf3bd2382},
    journal={towards data science},
    author={Weiss, Noa},
    year={2020},
    month={Jan}
}
